<?xml version="1.0" encoding="UTF-8"?><collection xmlns="http://www.loc.gov/MARC21/slim"><record><leader>00462nam--2200145-i-4500</leader><controlfield tag="001">000004457</controlfield><controlfield tag="002">20161230</controlfield><controlfield tag="005">20170114170430</controlfield><controlfield tag="008">060222s1000------------r-----000-0-eng-d</controlfield><datafield ind1=" " ind2=" " tag="100"><subfield code="a">Binder, Fritz</subfield></datafield><datafield ind1=" " ind2=" " tag="245"><subfield code="a">Rontgenographische spannungsmessungen zum studium der vorgange bei der ermudung von stahl duech zug-druck-wechselbelastun</subfield></datafield><datafield ind1=" " ind2=" " tag="260"><subfield code="a">Stuttgart</subfield><subfield code="b">Technischen Hochschule</subfield><subfield code="c">1956</subfield></datafield><datafield ind1=" " ind2=" " tag="300"><subfield code="a">92 p.+ 41 Fig</subfield></datafield><datafield ind1=" " ind2=" " tag="852"><subfield code="a">5788</subfield></datafield><datafield ind1=" " ind2=" " tag="CAT"><subfield code="a">SYS</subfield><subfield code="c">20170114</subfield><subfield code="h">170430</subfield></datafield></record></collection>